@inproceedings{Santurkar:2018,
    author = {Santurkar, Shibani and Tsipras, Dimitris and Ilyas, Andrew and
        Madry, Aleksander},
    booktitle = {Advances in Neural Information Processing Systems},
    editor = {S. Bengio and H. Wallach and H. Larochelle and K. Grauman and N.
        Cesa-Bianchi and R. Garnett},
    pages = {},
    publisher = {Curran Associates, Inc.},
    title = {How Does Batch Normalization Help Optimization?},
    volume = {32},
    year = {2018}
}

